@article{CDN09,
  title={Multiparty computation, an introduction},
  author={Cramer, Ronald and Damg{\aa}rd, Ivan and Nielsen, Jesper Buus},
  journal={Contemporary cryptology},
  pages={41--87},
  year={2009},
  publisher={Springer}
}

@inproceedings{HM97,
  title={Complete characterization of adversaries tolerable in secure multi-party computation},
  author={Hirt, Martin and Maurer, Ueli},
  booktitle={Proceedings of the sixteenth annual ACM symposium on Principles of distributed computing},
  pages={25--34},
  year={1997},
  organization={ACM}
}

@inproceedings{Yao82,
  title={Protocols for secure computations},
  author={Yao, Andrew Chi-Chih},
  booktitle={FOCS},
  volume={82},
  pages={160--164},
  year={1982}
}


